@inproceedings{craighead2007survey,
  title={A survey of commercial \& open source unmanned vehicle simulators},
  author={Craighead, Jeff and Murphy, Robin and Burke, Jenny and Goldiez, Brian},
  booktitle={Robotics and Automation, 2007 IEEE International Conference on},
  pages={852--857},
  year={2007},
  organization={IEEE}
}

@article{alexander2005gaming,
  title={From gaming to training: A review of studies on fidelity, immersion, presence, and buy-in and their effects on transfer in pc-based simulations and games},
  author={Alexander, Amy L and Bruny{\'e}, Tad and Sidman, Jason and Weil, Shawn A},
  journal={DARWARS Training Impact Group},
  volume={5},
  pages={1--14},
  year={2005}
}

@article{aitkin2004playing,
  title={Playing at Reality: Exploring the potential of the digital game as a medium for science communication},
  author={Aitkin, Alexander Lewis and others},
  journal={Made available in DSpace on 2011-01-04T02: 37: 23Z (GMT). No. of bitstreams: 7 02whole. pdf. jpg: 1881 bytes, checksum: ac88eea70013e083ecb0c5330e53e7a2 (MD5) 01front. pdf. jpg: 1881 bytes, checksum: ac88eea70013e083ecb0c5330e53e7a2 (MD5) 02whole. pdf. txt: 563958 bytes, checksum: 5e41da750d4369fa13d0fba08ad6a048 (MD5) 01front. pdf. txt: 12659 bytes, checksum: 0481a3322578325d8221eb983ac49324 (MD5) 01front. pdf: 121957 bytes, checksum: 0856401293636ffe92a2dd3a295de446 (MD5) 02whole. pdf: 1742623 bytes, checksum: 91119639a4629d5f2f62aaaf8a2c1126 (MD5) license. txt: 1972 bytes, checksum: 659aa5e507bf4ef21d5059f70f34b19c (MD5) Previous issue date: 2008-01-14T05: 43: 23Z},
  year={2004},
  publisher={The Australian National University}
}

@article{green2003action,
  title={Action video game modifies visual selective attention},
  author={Green, C Shawn and Bavelier, Daphne},
  journal={Nature},
  volume={423},
  number={6939},
  pages={534--537},
  year={2003},
  publisher={Nature Publishing Group}
}

@inproceedings{summers2002determination,
  title={Determination of Planetary Meteorology from Aerobot Flight Sensors},
  author={Summers, Phil and Barnes, Dave and Shaw, Andy},
  booktitle={Proceedings of 7th ESA Workshop on Advanced Space Technologies for Robotics and Automation},
  year={2002}
}

@article{cervin20043d,
  title={A 3D interface for an unmanned aerial vehicle},
  author={Cervin, B and Mills, C and W{\"u}nsche, BC},
  journal={SE Stage},
  volume={4},
  year={2004},
  publisher={Citeseer}
}

@misc{flightGear,
   title = "FlightGear",
   url = "http://www.flightgear.org",
   note = "[Online]"
}

@misc{simbad,
   title = "SimBad",
   url = "http://simbad.sourceforge.net/",
   note = "[Online]"
}

@misc{simrobot,
   title = "SimRobot",
   url = "http://www.informatik.uni-bremen.de/simrobot/index_e.htm",
   note = "[Online]"
}

@incollection{laue2006simrobot,
  title={SimRobot--a general physical robot simulator and its application in robocup},
  author={Laue, Tim and Spiess, Kai and R{\"o}fer, Thomas},
  booktitle={RoboCup 2005: Robot Soccer World Cup IX},
  pages={173--183},
  year={2006},
  publisher={Springer}
}

@article{roadmap2002roadmap,
  title={Roadmap 2002-2027},
  author={Roadmap, Unmanned Aerial Vehicles},
  journal={US DoD, December},
  year={2002}
}

@article{wu2004micro,
  title={Micro air vehicle: Configuration, analysis, fabrication, and test},
  author={Wu, Huaiyu and Sun, Dong and Zhou, Zhaoying},
  journal={Mechatronics, IEEE/ASME Transactions on},
  volume={9},
  number={1},
  pages={108--117},
  year={2004},
  publisher={IEEE}
}

@article{chao2010autopilots,
  title={Autopilots for small unmanned aerial vehicles: a survey},
  author={Chao, HaiYang and Cao, YongCan and Chen, YangQuan},
  journal={International Journal of Control, Automation and Systems},
  volume={8},
  number={1},
  pages={36--44},
  year={2010},
  publisher={Springer}
}

@inproceedings{brisset2006paparazzi,
  title={The paparazzi solution},
  author={Brisset, Pascal and Drouin, Antoine and Gorraz, Michel and Huard, Pierre-Selim and Tyler, Jeremy},
  booktitle={MAV 2006, 2nd US-European Competition and Workshop on Micro Air Vehicles},
  pages={pp--xxxx},
  year={2006}
}

@inproceedings{bertuccelli2009real,
  title={Real-time multi-UAV task assignment in dynamic and uncertain environments},
  author={Bertuccelli, Luca F and Choi, Han-Lim and Cho, Peter and How, Jonathan P},
  booktitle={presentado al AIAA Guidance, Navigation, and Control Conference, Chicago, Illinois},
  year={2009}
}

@incollection{bethke2007cooperative,
  title={Cooperative vision based estimation and tracking using multiple UAVs},
  author={Bethke, Brett and Valenti, Mario and How, Jonathan},
  booktitle={Advances in Cooperative Control and Optimization},
  pages={179--189},
  year={2007},
  publisher={Springer}
}

@inproceedings{furukawa2004dynamic,
  title={Dynamic allocation and control of coordinated UAVs to engage multiple targets in a time-optimal manner},
  author={Furukawa, Tomonari and Bourgault, Fr{\'e}d{\'e}ric and Durrant-Whyte, Hugh F and Dissanayake, Gamini},
  booktitle={Robotics and Automation, 2004. Proceedings. ICRA'04. 2004 IEEE International Conference on},
  volume={3},
  pages={2353--2358},
  year={2004},
  organization={IEEE}
}

@inproceedings{lavis2008estimation,
  title={Estimation and control for cooperative autonomous searching in crowded urban emergencies},
  author={Lavis, Benjamin and Yokokohji, Yasuyoshi and Furukawa, Tomonari},
  booktitle={Robotics and Automation, 2008. ICRA 2008. IEEE International Conference on},
  pages={2831--2836},
  year={2008},
  organization={IEEE}
}